@inproceedings{dwyer1999patterns,
  title={Patterns in property specifications for finite-state verification},
  author={Dwyer, Matthew B and Avrunin, George S and Corbett, James C},
  booktitle={Software Engineering, 1999. Proceedings of the 1999 International Conference on},
  pages={411--420},
  year={1999},
  organization={IEEE}
}

@article{DBLP:journals/corr/abs-1207-2746,
  author    = {Alcino Cunha},
  title     = {Bounded Model Checking of Temporal Formulas with Alloy},
  journal   = {CoRR},
  volume    = {abs/1207.2746},
  year      = {2012},
  ee        = {http://arxiv.org/abs/1207.2746},
  bibsource = {DBLP, http://dblp.uni-trier.de}
}

