@article{DBLP:journals/corr/abs-1207-2746,
  author    = {Alcino Cunha},
  title     = {Bounded Model Checking of Temporal Formulas with Alloy},
  journal   = {CoRR},
  volume    = {abs/1207.2746},
  year      = {2012},
  ee        = {http://arxiv.org/abs/1207.2746},
  bibsource = {DBLP, http://dblp.uni-trier.de}
}

